<record><leader>00000cas a2200000 a 4500</leader><controlfield tag="001">18341220</controlfield><controlfield tag="008">880811d19171932aludr ne      0    0eng d</controlfield><controlfield tag="009">460</controlfield><datafield ind1=" " ind2=" " tag="010"><subfield code="a">sn 88050183 </subfield></datafield><datafield ind1=" " ind2=" " tag="040"><subfield code="a">ALM</subfield><subfield code="b">eng</subfield><subfield code="c">ALM</subfield><subfield code="d">CPN</subfield><subfield code="d">OCL</subfield></datafield><datafield ind1="1" ind2=" " tag="029"><subfield code="a">AU@</subfield><subfield code="b">000020594649</subfield></datafield><datafield ind1=" " ind2=" " tag="042"><subfield code="a">msc</subfield></datafield><datafield ind1="0" ind2="4" tag="245"><subfield code="a">The Mobile news-item.</subfield></datafield><datafield ind1="0" ind2="0" tag="246"><subfield code="a">Mobile news item</subfield></datafield><datafield ind1="1" ind2="0" tag="246"><subfield code="a">Sunday news-item</subfield></datafield><datafield ind1=" " ind2=" " tag="260"><subfield code="a">Mobile, Ala. :</subfield><subfield code="b">[s.n.],</subfield><subfield code="c">1917-1932.</subfield></datafield><datafield ind1=" " ind2=" " tag="300"><subfield code="a">v. :</subfield><subfield code="b">ill. ;</subfield></datafield><datafield ind1=" " ind2=" " tag="310"><subfield code="a">Daily</subfield></datafield><datafield ind1="0" ind2=" " tag="362"><subfield code="a">Vol. 20, no. 48 (Jan. 20, 1917)-Feb. 15, 1932.</subfield></datafield><datafield ind1=" " ind2=" " tag="500"><subfield code="a">Sunday edition published as: Sunday news-item.</subfield></datafield><datafield ind1=" " ind2=" " tag="752"><subfield code="a">United States</subfield><subfield code="b">Alabama</subfield><subfield code="c">Mobile</subfield><subfield code="d">Mobile.</subfield></datafield><datafield ind1="0" ind2="0" tag="780"><subfield code="t">Mobile item</subfield><subfield code="w">(DLC)sn 88050182</subfield></datafield><datafield ind1="0" ind2="1" tag="785"><subfield code="t">Mobile press</subfield><subfield code="w">(DLC)sn 89050042</subfield></datafield></record>